@article{Bahaadini:2017,
  author    = {Sara Bahaadini and
               Neda Rohani and
               Scott Coughlin and
               Michael Zevin and
               Vicky Kalogera and
               Aggelos K. Katsaggelos},
  title     = {Deep Multi-view Models for Glitch Classification},
  journal   = {CoRR},
  volume    = {abs/1705.00034},
  year      = {2017},
  url       = {http://arxiv.org/abs/1705.00034},
  archivePrefix = {arXiv},
  eprint    = {1705.00034},
  timestamp = {Wed, 07 Jun 2017 14:40:23 +0200},
  biburl    = {https://dblp.org/rec/bib/journals/corr/BahaadiniRCZKK17},
  bibsource = {dblp computer science bibliography, https://dblp.org}
}

@article{Zevin:2016,
      author         = "Zevin, Michael and others",
      title          = "{Gravity Spy: Integrating Advanced LIGO Detector
                        Characterization, Machine Learning, and Citizen Science}",
      journal        = "Class. Quant. Grav.",
      volume         = "34",
      year           = "2017",
      number         = "6",
      pages          = "064003",
      doi            = "10.1088/1361-6382/aa5cea",
      eprint         = "1611.04596",
      archivePrefix  = "arXiv",
      primaryClass   = "gr-qc",
      reportNumber   = "LIGO-P1600303",
      SLACcitation   = "%%CITATION = ARXIV:1611.04596;%%"
}

@article{Mukherjee:2010,
      author         = "S. Mukherjee and R. Obaid and B. Matkarimov",
      title          = "{Classification of Glitch Waveforms in Gravitational Wave Detector Characterization}",
      journal        = "Journal of Physics: Conference Series",
      volume         = "243",
      year           = "2010",
      doi            = "10.1088/1742-6596/243/1/012006",
}

@article{Rampone:2013,
author = {RAMPONE, SALVATORE and PIERRO, VINCENZO and TROIANO, LUIGI and PINTO, INNOCENZO M.},
title = {NEURAL NETWORK AIDED GLITCH-BURST DISCRIMINATION AND GLITCH CLASSIFICATION},
journal = {International Journal of Modern Physics C},
volume = {24},
number = {11},
pages = {1350084},
year = {2013},
doi = {10.1142/S0129183113500848},

URL = {https://www.worldscientific.com/doi/abs/10.1142/S0129183113500848},
eprint = {https://www.worldscientific.com/doi/pdf/10.1142/S0129183113500848}
}
